@inproceedings{de2023probabilistic,
  title={Probabilistic prediction of aircraft turnaround time and target off-block time},
  author={De Falco, Paolino and Kubat, Jan and Kuran, Vladimir and Rodriguez Varela, J and Plutino, Salvatore and Leonardi, Alessandro},
  booktitle={13th SESAR innovation days},
  year={2023}
}

@inproceedings{luo2022data,
  title={Data-driven fusion of turnaround sub-processes to predict aircraft ground time},
  author={Luo, Mingchuan and Schultz, Michael and Fricke, Hartmut and Desart, Bruno},
  booktitle={25th Air Transport Research Society (ATRS) World Conference},
  year={2022},
  month={Jul},
  pages={1--8}
}

@article{dalmau2024probabilistic,
  title={Probabilistic pretactical arrival and departure flight delay Prediction with Quantile Regression},
  author={Dalmau, Ramon and De Falco, Paolino and Spak, Miroslav and Varela, Jos{\'e} Daniel Rodriguez},
  journal={Journal of Air Transportation},
  volume={32},
  number={2},
  pages={84--96},
  year={2024},
  publisher={American Institute of Aeronautics and Astronautics}
}

@article{dai2024hybrid,
  title={A hybrid machine learning-based model for predicting flight delay through aviation big data},
  author={Dai, Min},
  journal={Scientific Reports},
  volume={14},
  number={1},
  pages={4603},
  year={2024},
  publisher={Nature Publishing Group UK London}
}

@inproceedings{zhang2024mixed,
  title={MIXED-TYPE TABULAR DATA SYNTHESIS WITH SCORE-BASED DIFFUSION IN LATENT SPACE},
  author={Zhang, Hengrui and Zhang, Jiani and Srinivasan, Balasubramaniam and Shen, Zhengyuan and Qin, Xiao and Faloutso, Christos and Rangwala, Huzefa and Karypis, George},
  booktitle={12th International Conference on Learning Representations, ICLR 2024},
  year={2024}
}

@article{xu2019modeling,
  title={Modeling tabular data using conditional gan},
  author={Xu, Lei and Skoularidou, Maria and Cuesta-Infante, Alfredo and Veeramachaneni, Kalyan},
  journal={Advances in neural information processing systems},
  volume={32},
  year={2019}
}

@article{solatorio2023realtabformer,
  title={REaLTabFormer: Generating Realistic Relational and Tabular Data using Transformers},
  author={Solatorio, Aivin V. and Dupriez, Olivier},
  journal={arXiv preprint arXiv:2302.02041},
  year={2023}
}